@article{velivckovic2017graph,
	title={Graph attention networks},
	author={Veli{\v{c}}kovi{\'c}, Petar and Cucurull, Guillem and Casanova, Arantxa and Romero, Adriana and Lio, Pietro and Bengio, Yoshua},
	journal={arXiv preprint arXiv:1710.10903},
	year={2017}
}
@article{hamilton2017inductive,
  title={Inductive representation learning on large graphs},
  author={Hamilton, Will and Ying, Zhitao and Leskovec, Jure},
  journal={Advances in neural information processing systems},
  volume={30},
  year={2017}
}
%small world networks
@article{watts1998collective,
  title={Collective dynamics of ‘small-world’networks},
  author={Watts, Duncan J and Strogatz, Steven H},
  journal={nature},
  volume={393},
  number={6684},
  pages={440--442},
  year={1998},
  publisher={Nature Publishing Group}
}
%scale free networks
@article{barabasi2003scale,
  title={Scale-free networks},
  author={Barab{\'a}si, Albert-L{\'a}szl{\'o} and Bonabeau, Eric},
  journal={Scientific american},
  volume={288},
  number={5},
  pages={60--69},
  year={2003},
  publisher={JSTOR}
}

@article{schaub2023hierarchical,
  title={Hierarchical community structure in networks},
  author={Schaub, Michael T and Li, Jiaze and Peel, Leto},
  journal={Physical Review E},
  volume={107},
  number={5},
  pages={054305},
  year={2023},
  publisher={APS}
}

@article{rousseeuw1987silhouettes,
  title={Silhouettes: a graphical aid to the interpretation and validation of cluster analysis},
  author={Rousseeuw, Peter J},
  journal={Journal of computational and applied mathematics},
  volume={20},
  pages={53--65},
  year={1987},
  publisher={Elsevier}
}
@misc{Falkner2022,
  author = {Falkner, J.K.},
  title = {torch-kmeans},
  year = {2022},
  publisher = {GitHub},
  journal = {GitHub repository},
  howpublished = {\url{https://github.com/jokofa/torch_kmeans}},
  commit = {be7d2b78664e81a985ddfa6d21d94917a8b49fe6}
}

@article{brody2021attentive,
  title={How attentive are graph attention networks?},
  author={Brody, Shaked and Alon, Uri and Yahav, Eran},
  journal={arXiv preprint arXiv:2105.14491},
  year={2021}
}