@article{newman2006modularity,
  title={Modularity and community structure in networks},
  author={Newman, Mark EJ},
  journal={Proceedings of the national academy of sciences},
  volume={103},
  number={23},
  pages={8577--8582},
  year={2006},
  publisher={National Acad Sciences}
}
--
@article{fortunato2007resolution,
  title={Resolution limit in community detection},
  author={Fortunato, Santo and Barthelemy, Marc},
  journal={Proceedings of the national academy of sciences},
  volume={104},
  number={1},
  pages={36--41},
  year={2007},
  publisher={National Acad Sciences}
}
--
@article{xiang2012multi,
  title={Multi-resolution modularity methods and their limitations in community detection},
  author={Xiang, Ju and Hu, Xin-Guang and Zhang, Xiao-Yu and Fan, Jun-Feng and Zeng, Xian-Lin and Fu, Gen-Yi and Deng, Ke and Hu, Ke},
  journal={The European Physical Journal B},
  volume={85},
  pages={1--10},
  year={2012},
  publisher={Springer}
}