%GNN methods, architectures and layers

% Geometric Deep Learning
%=================================================================
%GNN methods, architectures and layers
@article{kipf2016variational,
  title={Variational graph auto-encoders},
  author={Kipf, Thomas N and Welling, Max},
  journal={arXiv preprint arXiv:1611.07308},
  year={2016}
}
--
@article{zhang2018link,
  title={Link prediction based on graph neural networks},
  author={Zhang, Muhan and Chen, Yixin},
  journal={Advances in neural information processing systems},
  volume={31},
  year={2018}
}
--
@article{zhou2023deep,
  title={A deep graph convolutional neural network architecture for graph classification},
  author={Zhou, Yuchen and Huo, Hongtao and Hou, Zhiwen and Bu, Fanliang},
  journal={Plos one},
  volume={18},
  number={3},
  pages={e0279604},
  year={2023},
  publisher={Public Library of Science San Francisco, CA USA}
}
--
@inproceedings{schlichtkrull2018modeling,
  title={Modeling relational data with graph convolutional networks},
  author={Schlichtkrull, Michael and Kipf, Thomas N and Bloem, Peter and Van Den Berg, Rianne and Titov, Ivan and Welling, Max},
  booktitle={The Semantic Web: 15th International Conference, ESWC 2018, Heraklion, Crete, Greece, June 3--7, 2018, Proceedings 15},
  pages={593--607},
  year={2018},
  organization={Springer}
}
--
@inproceedings{grover2016node2vec,
  title={node2vec: Scalable feature learning for networks},
  author={Grover, Aditya and Leskovec, Jure},
  booktitle={Proceedings of the 22nd ACM SIGKDD international conference on Knowledge discovery and data mining},
  pages={855--864},
  year={2016}
}
--
@article{velivckovic2017graph,
  title={Graph attention networks},
  author={Veli{\v{c}}kovi{\'c}, Petar and Cucurull, Guillem and Casanova, Arantxa and Romero, Adriana and Lio, Pietro and Bengio, Yoshua},
  journal={arXiv preprint arXiv:1710.10903},
  year={2017}
}
--
@inproceedings{lv2019auto,
  title={Auto-encoder based graph convolutional networks for online financial anti-fraud},
  author={Lv, Le and Cheng, Jianbo and Peng, Nanbo and Fan, Min and Zhao, Dongbin and Zhang, Jianhong},
  booktitle={2019 IEEE Conference on Computational Intelligence for Financial Engineering \& Economics (CIFEr)},
  pages={1--6},
  year={2019},
  organization={IEEE}
}
--
@article{bahdanau2014neural,
  title={Neural machine translation by jointly learning to align and translate},
  author={Bahdanau, Dzmitry and Cho, Kyunghyun and Bengio, Yoshua},
  journal={arXiv preprint arXiv:1409.0473},
  year={2014}
}
--
@article{kipf2016semi,
  title={Semi-supervised classification with graph convolutional networks},
  author={Kipf, Thomas N and Welling, Max},
  journal={arXiv preprint arXiv:1609.02907},
  year={2016}
}
@article{salehi2019graph,
  title={Graph attention auto-encoders},
  author={Salehi, Amin and Davulcu, Hasan},
  journal={arXiv preprint arXiv:1905.10715},
  year={2019}
}
--
@inproceedings{wang2017mgae,
  title={Mgae: Marginalized graph autoencoder for graph clustering},
  author={Wang, Chun and Pan, Shirui and Long, Guodong and Zhu, Xingquan and Jiang, Jing},
  booktitle={Proceedings of the 2017 ACM on Conference on Information and Knowledge Management},
  pages={889--898},
  year={2017}
}
--
%original GNN papers
@inproceedings{gori2005new,
  title={A new model for learning in graph domains},
  author={Gori, Marco and Monfardini, Gabriele and Scarselli, Franco},
  booktitle={Proceedings. 2005 IEEE International Joint Conference on Neural Networks, 2005.},
  volume={2},
  pages={729--734},
  year={2005},
  organization={IEEE}
}
--
@article{scarselli2008graph,
  title={The graph neural network model},
  author={Scarselli, Franco and Gori, Marco and Tsoi, Ah Chung and Hagenbuchner, Markus and Monfardini, Gabriele},
  journal={IEEE transactions on neural networks},
  volume={20},
  number={1},
  pages={61--80},
  year={2008},
  publisher={IEEE}
}
--
%community detection papers
%CDBNE
@article{zhou2023community,
  title={Community detection based on unsupervised attributed network embedding},
  author={Zhou, Xinchuang and Su, Lingtao and Li, Xiangju and Zhao, Zhongying and Li, Chao},
  journal={Expert Systems with Applications},
  volume={213},
  pages={118937},
  year={2023},
  publisher={Elsevier}
}
--
%semiDRN
@inproceedings{yang2016modularity,
  title={Modularity based community detection with deep learning.},
  author={Yang, Liang and Cao, Xiaochun and He, Dongxiao and Wang, Chuan and Wang, Xiao and Zhang, Weixiong},
  booktitle={IJCAI},
  volume={16},
  number={2016},
  pages={2252--2258},
  year={2016}
}
--
%DNC
@article{li2021dnc,
  title={DNC: A deep neural network-based clustering-oriented network embedding algorithm},
  author={Li, Bentian and Pi, Dechang and Lin, Yunxia and Cui, Lin},
  journal={Journal of Network and Computer Applications},
  volume={173},
  pages={102854},
  year={2021},
  publisher={Elsevier}
}
--
%Louvain
@article{blondel2008fast,
  title={Fast unfolding of communities in large networks},
  author={Blondel, Vincent D and Guillaume, Jean-Loup and Lambiotte, Renaud and Lefebvre, Etienne},
  journal={Journal of statistical mechanics: theory and experiment},
  volume={2008},
  number={10},
  pages={P10008},
  year={2008},
  publisher={IOP Publishing}
}

%reviews
@article{zhang2019graph,
  title={Graph convolutional networks: a comprehensive review},
  author={Zhang, Si and Tong, Hanghang and Xu, Jiejun and Maciejewski, Ross},
  journal={Computational Social Networks},
  volume={6},
  number={1},
  pages={1--23},
  year={2019},
  publisher={SpringerOpen}
}
--
%hierarchy bio-net applications
@article{yu2006genomic,
  title={Genomic analysis of the hierarchical structure of regulatory networks},
  author={Yu, Haiyuan and Gerstein, Mark},
  journal={Proceedings of the National Academy of Sciences},
  volume={103},
  number={40},
  pages={14724--14731},
  year={2006},
  publisher={National Acad Sciences}
}
--
@article{ding2021variational,
  title={Variational graph auto-encoders for miRNA-disease association prediction},
  author={Ding, Yulian and Tian, Li-Ping and Lei, Xiujuan and Liao, Bo and Wu, Fang-Xiang},
  journal={Methods},
  volume={192},
  pages={25--34},
  year={2021},
  publisher={Elsevier}
}
--
@article{bafna2023clarify,
  title={CLARIFY: cell--cell interaction and gene regulatory network refinement from spatially resolved transcriptomics},
  author={Bafna, Mihir and Li, Hechen and Zhang, Xiuwei},
  journal={Bioinformatics},
  volume={39},
  number={Supplement\_1},
  pages={i484--i493},
  year={2023},
  publisher={Oxford University Press}
}
--
%scgnn
@article{wang2021scgnn,
  title={scGNN is a novel graph neural network framework for single-cell RNA-Seq analyses},
  author={Wang, Juexin and Ma, Anjun and Chang, Yuzhou and Gong, Jianting and Jiang, Yuexu and Qi, Ren and Wang, Cankun and Fu, Hongjun and Ma, Qin and Xu, Dong},
  journal={Nature communications},
  volume={12},
  number={1},
  pages={1882},
  year={2021},
  publisher={Nature Publishing Group UK London}
}
